@misc{openHAB_wiki,
	title = {{openHAB} documentation/Wiki},
	url = {https://github.com/openhab/openhab/wiki},
	urldate = {2015-01-31},
	author = {openHAB}
}
@misc{mosquitto_mqtt,
	title = {{Mosquitto} documentation},
	url = {http://mosquitto.org/documentation/}
}
@misc{m2mqtt_library,
	title = {{M2Mqtt} documentation},
	url = {https://m2mqtt.wordpress.com/m2mqtt_doc/}
}



